2758 2235
208 800 604 1006 15/1518
281 993 484 1104 neben
277 1098 423 1239 13.
227 1212 565 1358 und Mitte
646 266 1959 423 1521 Zinstag noch Assumpeionis Marie.
636 452 2593 611 Martin Strauf der Würt zum Rapen, u. seine Frau Sionecha
647 597 2573 691 verkaufen an Franz Borenn des Rats u. seine Frau Helena,
660 675 2565 787 5 fl. jährl zinses, ab jrem Herperg gnant zum Rapen. mit Hus
650 773 2581 918 Hofstatt schuren stallung garten, u. Eschamevorstatt, zwüschen
650 891 2609 1023 dem Hus zum Baradys, u. Martin Herlolzhoner des seilers hus
652 972 2509 1120 glegen, jücht hinden an der herren von Thierstein garten, u. an
658 1091 2656 1216 Hansen zum Wag garten, zinst über u. über der s. Johans Brüderschaft
649 1195 2606 1318 uf Burg jährl. 1 ℔, u. dan 1sh. vom garten von eig. jtem deren von
664 1278 2654 1398 Sennen 5 Eabls zinses. Htein so geben Hans zur Bag u. Barthlome
642 1355 2602 1521 Schinder von Metttenz von jn husern, einem Besiger des huses zum
658 1492 2548 1632 Kappe jährl 3 ℔. davon gehört den Closterfrauen zu Olspeig 2 2 lb.
637 1591 2593 1703 daumb er treger ist, von derselben Begery geben die Closterfsauen
638 1675 2546 1788 der vorgemelten Bruderschaft jährl iner, sodan ab jrem
634 1774 2502 1929 Hus u. Hofstatt mit sant dem gertlin dashunder glegen, su
634 1877 2698 1984 Eschamer vorstatt an dem genanten hus zum Rapen, zinst s. Johans
1212 1960 1352 2023 Ehr
767 1974 2689 2082 Rappen = 13 neb 13 Breiff Martin Eg v Th v 15 becke
2362 2039 2642 2147 seit 1507
823 2044 1531 2159 Sarader = 20
1759 2067 2504 2166 Eg v. Th v 15nbin 15 seit 1510
