2758 2235
291 1052 440 1145 24/ 1545
679 282 1662 438 510 Zinstag nach Otlinsani.
714 467 2476 585 haus Frimele genant zum Rapen bg. zu Wietelspech
635 571 2662 699 verkauft an Marti Kauffen den Wirt, u. seine Frau Verenan
632 704 2500 783 die Heperg genant zum Rappen mit gehur hof. hofstatt
648 796 2577 932 Schen Sallungs garten zum Salenenm dat zu iehen den
650 884 2668 1004 Hus zem Tanadege ze einer in Master Herbelshafer des Voyla-
733 959 2581 1088 gassenen zwüschen zer Heltz zer der sel der Leut
627 1065 2675 1221 gasesser hat Hus zem Hauses zer Hans von den Herr neben
665 1191 2645 1298 Büderseta ve Sohaus Bung gatel Peter von Halen, vonenre
652 1310 2592 1400 gen so geben Hanns zer Burg ze Baselen Zinsen von den
750 1385 2525 1499 ze hasers der an der Hauses zem Kalten das Ha
1276 1482 2560 1596 z Aperg &oter Manden der Burger ist
774 1579 2673 1682 heiselben hagerge geben hievilben Cloterfanern der von gedacht
701 1657 2319 1826 iderschaft jährl. Alaner, sonst hier sum 300 fl.
1911 1826 2569 2011 fertigungsbuch 174.
1455 1911 1546 2081 8
1163 2000 1266 2161 "
