2758 2235
174 736 574 920 15/1538
257 910 480 1014 neben
286 1013 433 1142 13.
644 286 1024 390 1658 Mai 8.
638 478 2612 642 Weil Frauw Elisabetha Jselin Erben, haben die Wirtschaft zum
638 578 2639 711 Rappen genannt, in Escheiner Porstatt, neben einseit dem Hoof
633 687 2675 846 zum Paradies genannt, anderseit neben Tregers Schulern gelegen, und
642 781 2682 938 hinden auf den Wintenberger Hoof stoßsend, sampt Scherren Stallung
643 890 2667 1002 Bann und Kantgarten, Hüner höflin und Blosglendt, auch darzu
637 976 2671 1109 erckhaufter Stallung, des Capplins Stallung genannt, desgleichen den
629 1078 2673 1226 zu der Wirtschaft gehörigen Fischbonnen, auf dem Blämlin, dahin
636 1214 2620 1335 sie sich allerseits guetliehen vereinbahret und verglichen, gefrönt
2140 1278 2638 1437 Frönungsbuch.
694 1406 1399 1637 Rappen = 15
682 1621 1430 1844 Pagader = 13.
