2758 2235
284 993 496 1091 Eiseng
303 1076 468 1229 13
663 226 1159 386 1532 Juli 30.
671 466 2692 637 Ulrich Schuher Schaffner der Camerey der Lohen Stifft hat
662 568 2695 708 Martin Kauffen Herberg, genannt zum Rappen, nid
647 664 2695 815 sampt der Schüren Stallung und Garten, dashinder, in
664 770 2701 897 Esehauer Vorstatt, zwischen dem Hus zum Taradies und
206 767 2695 1046 10 /1558 dem andern Martin Stauffen Hus glegen, von versessen
653 986 2686 1109 er zinsen halp, als es jährl. der Camerey 13 sh. Edim von Eis
644 1081 1729 1241 genschaft wegen zinst, gefrönt.
2048 1087 2626 1339 Frönungsbuch.
786 1363 1598 1542 Paradils = 13
781 1505 1550 1730 Kappen = 15
