2758 2235
330 574 553 734 h v
203 701 602 913 13/1538
293 881 509 973 neben
308 986 445 1109 15.
663 174 1252 324 1634 Februar 14.
715 418 2545 582 gebastian Beck jnnamen u. als Schaffner des Ablts zu bitzel,
658 542 2403 690 hat Hanns Jacoben Werdenbergs des Wirts zum Kappen
639 621 2634 753 bewonende Gastherberg zum Rappen genannt, in Eschennervorstatt,
645 750 2594 863 einseits neben dem Hof zum Daradis, anderseiten Bartlin Müklers
630 828 2593 951 sel. Witiben gelegen, versessener Znsen wegen, welche ab solcher
652 926 2679 1095 Gastherberg ermeltem Abbt zu litgel 2 ℔ 10 sh. jährl. verzinst werde,
649 1038 919 1176 gefrönt.
830 1136 2139 1271 ten ligelschaffner kauft sie sum 1 ℔ 3sh.
1803 1261 2271 1496 fertigungsbuch
741 1385 1480 1590 Pasaubit = 13.
747 1585 1499 1788 Rappen = 15
