2758 2235
304 906 522 1094 Th v
228 1058 577 1192 15/1038
276 1187 493 1288 neben
295 1286 459 1404 13.
613 247 709 361 "
667 276 1127 397 163 Mai 13.
656 458 1288 588 Kaufs-Poublicatio.
909 561 2627 687 Es verkauft Hr. Vorstadtmstr. Johannes Marikht
628 656 2669 796 an Hrn. Felix Battier, d. gr. Ro, die Gastherberg zuem Raaben
635 792 2592 906 genandt, bestehend in Behausung, Scheuren, Stallungen,
630 856 2625 1003 Schnettenen, Hoofen, Hoofstadt, Garthen und Matten sammt
641 966 2644 1102 all übriger Zugehördt und Gerechtigkeith, an und beyen,
626 1057 2581 1173 anderen in der Eschemer Vorstadt, zwüschen dem Paradus
631 1187 2676 1296 und Mstr. Heinrich Salathe, dem Schuemacher, gelegen, hinden
636 1300 2639 1384 aber an den Murthenbergerhsof und mit dem Ansgang an
632 1368 2657 1484 ein gemeines Gässlem neben hit. Hrn. Abrist Ehinger, des Raths,
629 1467 2574 1576 stossendt, samt einer Ein- und Anofarth zwüschen Mste.
645 1567 2670 1691 Leonhardt Bürgin, dem Einspauniger, Mstr. Roth, dem Han-
623 1700 2648 1787 macher und Hrn. Samuel Stehelin, dem Gollverwalter zu
636 1765 2608 1899 Jt. Jakob gelegen, vornen an die besagthe Porstadt aus ge-
643 1862 893 1990 hend.
1088 1879 1207 2005 Th v
689 1954 1458 2067 Z. Raben = 15 ne 13
1434 1957 2670 2154 Salathe Hsch Eig v Th v 15abe 19
679 2037 1334 2144 z. Parader = 13
