2758 2235
205 893 565 1066 15/1538
243 1067 479 1194 neben.
249 1177 432 1319 83.
676 238 1954 425 1525. Donstag nach Genli.
676 471 2631 602 Hansen Satler in Eschamervorstatt Contra
656 571 2595 716 Martin Streiff betr. sinem Kenel so er uff
669 686 2553 813 sinem Stal neben klägers Gertlin ligen hatz.
685 784 2635 900 Gerner soll er ein dassingraben und mit einem
644 908 2677 1019 Mülystein bedechen, damit das Wasser darm ver-
652 986 2541 1129 sinke, auch wegen einem din oder handeren.
1419 1122 2647 1311 Fünfergerichtsprot. 2. 168.
644 1266 1775 1408 1526. Lonstag vorm Pfingstag.
2365 1304 2677 1404 2. 174.
632 1368 2533 1488 Martin Streiff, Besitzer des Huses zum Rappen um
647 1468 2615 1610 Eschamervorstatt betreffend dem Stall dener hinder
634 1590 2680 1709 sinem Hus an Hansen Sattlers Garten gebenden hat.
1210 1690 1434 1821 Che
750 1706 1841 1931 Rappen ao 15 neb 13
751 1887 2252 2127 Schöllin Hs Sabler Eg v 19 ao 1556
