7360 4912
2000 667 5028 810 Wir, Lùpolt, von gotes gnaden herzoge ze Oͤsterˀ und ze Styr, ✳ verjehen ✳ und tuͦn kunt offenlichen ✳ an disem brief ✳
2036 761 4934 910 allen den, die in sehent oder hoͤrent lesen, ✳ daz unser liebin swestˀ Angnes, von den selben gnaden wilent kuͤnig ✳
2009 849 5025 991 ze Ungern, ✳ hat erloͤset ✳ mit unsers lieben hˀren und bruͦder, ✳ des hochgebornen koͤnich Frid̄ ✳ ✳ von Rome, ✳ guͦtem ✳
2039 947 4479 1089 willen und urlaub und mit unserm und aller unser bruͦder guͦtem willen und urloub den hof ze Elfingen umb ✳
2049 1026 5010 1184 sibenzehene und hundert mark ✳ der eptissen und dem cōvent des closters Kuͤngesvelt ✳ mit des selben con-
2051 1140 5019 1291 ventes silber ✳ von den erbern rittˀn von Chienberch, Goͤtzlin ame Stad von Schaufhusen ✳ und Johans von Stein-
2051 1256 5082 1391 wurch, ✳ dien er von uns ze phande stùnt umb vierzig und hundert mark. ✳ und suͤllen die eptissen und der
2041 1342 5076 1480 convent den vor genanten hof haben, ✳ nuͤtzen und niezzen ✳ mit unserm und unsers hˀren, des kuͤnges, und aller unser
2043 1438 4949 1667 bruͦder guͦtem willen und urloup, ✳ alle d die wile, untz wir ald unser bruͦder oder unser erben den hof von in ✳
2108 1519 4967 1716 erloͤsen ✳ umb sibenzehene und hundert mark silbers. und swaz si des hoves die wile geniezzent, ✳ daz geben wir in
2045 1638 5018 1830 ze einem rehtem almuͦsen ✳ und lazzen es in durch got ✳ und durch unser und aller unser vordern sele willen, ✳ daz si ✳
2070 1739 4998 1884 got ewiclich fuͤr uns biten suͤllent. ✳ und zeinem urkuͤnde der vor gescribenen dinge ✳ ist dirre brief besigelt mit
2050 1821 5002 1992 unsmˀ insigel, ✳ der wart geben ze Brugge an sant Lorencien abent, do mā zalt von Cristes gebuͤrt ✳
2041 1947 4065 2091 drùzehen hundert jar ✳ und dar nach in dem zwey und zweinzigistem jar. ✳
